<?xml version="1.0" encoding="UTF-8"?><collection xmlns="http://www.loc.gov/MARC21/slim"><record><leader>00668nam--2200193-i-4500</leader><controlfield tag="001">000032314</controlfield><controlfield tag="002">20161230</controlfield><controlfield tag="005">20161230201039</controlfield><controlfield tag="008">060222s1000------------r-----000-0-fre-d</controlfield><datafield ind1=" " ind2=" " tag="040"><subfield code="a">IFIN-HH</subfield></datafield><datafield ind1=" " ind2=" " tag="041"><subfield code="a">fre</subfield></datafield><datafield ind1=" " ind2=" " tag="080"><subfield code="a">537.533.35(061.3)</subfield></datafield><datafield ind1="1" ind2=" " tag="100"><subfield code="a">Jouffrey, Bernard</subfield></datafield><datafield ind1="1" ind2="0" tag="245"><subfield code="a">Microscopic electronique a haute tension 1975</subfield><subfield code="b">Textes des communications presentees au 4e congres international toulouse 1-4 septembre 1975</subfield><subfield code="c">Bernard jouffrey, pierre favard (edite par)</subfield></datafield><datafield ind1=" " ind2=" " tag="260"><subfield code="a">Paris</subfield><subfield code="b">Societe Francaise De Microscopie Electronique</subfield><subfield code="c">1976</subfield></datafield><datafield ind1=" " ind2=" " tag="300"><subfield code="a">XV+403P</subfield></datafield><datafield ind1="1" ind2=" " tag="700"><subfield code="a">Favard, Pierre</subfield><subfield code="e">Ed</subfield></datafield><datafield ind1=" " ind2=" " tag="852"><subfield code="a">48916</subfield><subfield code="c">537.533.35</subfield></datafield><datafield ind1=" " ind2=" " tag="CAT"><subfield code="a">Sys</subfield><subfield code="c">20110913</subfield><subfield code="h">141656</subfield></datafield></record></collection>